@misc{njsls,
author={{NJ Department of Education}},
year={2020},
title = {{NJ Student Learning Standards}},
howpublished = {https://www.nj.gov/education/standards/}}
  
@article{gee89,
author={Gee, James Paul},
year={1989},
title={What is literacy?},
journal={Journal of Education},
volume={171},
pages={18--25}}

@article{campbell90,
author={Cambell, Beverly},
year={1990},
title={What is literacy? Acquiring and using literary skills},
journal={APLIS},
volume={3},
pages={149--153}}


